@unpublished{tamarin-book,
    title = {Modeling and Analyzing Security Protocols with {T}amarin: A Comprehensive Guide},
    author = {Basin, David and Cremers, Cas and Dreier, Jannik and Sasse, Ralf},
    note = {Draft v0.9.5},
    month = {5},
    year = {2025},
}

@phdthesis{meier2013thesis,
    title = {Advancing Automated Security Protocol Verification},
    author = {Meier, Simon},
    year = {2013},
    school = {ETH Zurich},
}

@book{baader1998terms,
    title = {Term Rewriting and All That},
    author = {Baader, Franz and Nipkow, Tobias},
    publisher = {Cambridge University Press},
    year = {1998},
}

@article{cortier2014tutorial,
    title = {Formal Models and Techniques for Analyzing Security Protocols: A Tutorial},
    author = {Cortier, V\'{e}ronique and Kremer, Steve},
    year = {2014},
    volume = {1},
    number = {3},
    journal = {Found. Trends Program. Lang.},
    month = {11},
}

@inproceedings{schmidt2012tamarin,
    title = {Automated Analysis of {D}iffie-{H}ellman Protocols and Advanced Security Properties},
    author = {Schmidt, Benedikt and Meier, Simon and Cremers, Cas and Basin, David},
    booktitle = {2012 IEEE 25th Computer Security Foundations Symposium},
    year = {2012},
}

@inproceedings{comon-lundh2005finite,
    title = {The Finite Variant Property: How to Get Rid of Some Algebraic Properties},
    author = {Comon-Lundh, Hubert and Delaune, St\'{e}phanie},
    year = {2005},
    booktitle = {Proceedings of the 16th International Conference on Term Rewriting and Applications},
}

@inproceedings{santiago2008finite,
    title = {Effectively Checking the Finite Variant Property},
    author = {Escobar, Santiago and Meseguer, Jos{\'e} and Sasse, Ralf},
    booktitle = {Rewriting Techniques and Applications},
    year = {2008},
}

@inproceedings{basin20185gaka,
    title = {A Formal Analysis of {5G} Authentication},
    author = {Basin, David and Dreier, Jannik and Hirschi, Lucca and Radomirovic, Sa\v{s}a and Sasse, Ralf and Stettler, Vincent},
    year = {2018},
    booktitle = {Proceedings of the 2018 ACM SIGSAC Conference on Computer and Communications Security},
}

@inproceedings{cremers20195gaka,
    title = {Component-Based Formal Analysis of {5G-AKA}: Channel Assumptions and Session Confusion},
    author = {Cas Cremers and Martin Dehnel{-}Wild},
    booktitle = {26th Annual Network and Distributed System Security Symposium, {NDSS}},
    year = {2019},
}

@inproceedings{cremers2016tls13,
    title = {Automated Analysis and Verification of {TLS} 1.3: 0-{RTT}, Resumption and Delayed Authentication},
    author = {Cremers, Cas and Horvat, Marko and Scott, Sam and van der Merwe, Thyla},
    booktitle = {2016 IEEE Symposium on Security and Privacy (SP)},
    year = {2016},
}

@inproceedings{cremers2017tls13,
    title = {A Comprehensive Symbolic Analysis of {TLS} 1.3},
    author = {Cremers, Cas and Horvat, Marko and Hoyland, Jonathan and Scott, Sam and van der Merwe, Thyla},
    year = {2017},
    booktitle = {Proceedings of the 2017 ACM SIGSAC Conference on Computer and Communications Security},
}

@inproceedings{basin2021emv,
    title = {The {EMV} Standard: Break, Fix, Verify},
    author = {Basin, David and Sasse, Ralf and Toro-Pozo, Jorge},
    booktitle = {2021 IEEE Symposium on Security and Privacy (SP)},
    year = {2021},
}

@inproceedings {basin2021emvmixup,
    title = {Card Brand Mixup Attack: Bypassing the {PIN} in {non-Visa} Cards by Using Them for {V}isa Transactions},
    author = {David Basin and Ralf Sasse and Jorge Toro-Pozo},
    booktitle = {30th USENIX Security Symposium (USENIX Security 21)},
    year = {2021},
}

@inproceedings{radu2022emv,
    title = {Practical {EMV} Relay Protection},
    author = {Radu, Andreea-Ina and Chothia, Tom and Newton, Christopher J.P. and Boureanu, Ioana and Chen, Liqun},
    booktitle = {2022 IEEE Symposium on Security and Privacy (SP)},
    year = {2022},
}

@inproceedings{dreier2018xor,
    title = {Automated Unbounded Verification of Stateful Cryptographic Protocols with Exclusive {OR}},
    author = {Dreier, Jannik and Hirschi, Lucca and Radomirovic, Sasa and Sasse, Ralf},
    booktitle = {2018 IEEE 31st Computer Security Foundations Symposium (CSF)},
    year = {2018},
}

@inproceedings{lowe1997hierarchy,
    title = {A Hierarchy of Authentication Specifications},
    author = {Lowe, Gavin},
    booktitle = {Proceedings 10th Computer Security Foundations Workshop},
    year = {1997},
}

@misc{cryptoeprint:2006/073,
    title = {Stronger Security of Authenticated Key Exchange},
    author = {Brian LaMacchia and Kristin Lauter and Anton Mityagin},
    howpublished = {Cryptology {ePrint} Archive, Paper 2006/073},
    year = {2006},
}

@misc{cryptoeprint:2008/376,
    title = {Session-state Reveal is stronger than Ephemeral Key Reveal: Attacking the {NAXOS} Authenticated Key Exchange protocol},
    author = {Cas Cremers},
    howpublished = {Cryptology {ePrint} Archive, Paper 2008/376},
    year = {2008},
}

@inproceedings{basin2015obseq,
    title = {Automated Symbolic Proofs of Observational Equivalence},
    author = {Basin, David and Dreier, Jannik and Sasse, Ralf},
    year = {2015},
    booktitle = {Proceedings of the 22nd ACM SIGSAC Conference on Computer and Communications Security},
}

@misc{cryptoeprint:2022/1130,
    title = {Subterm-based proof techniques for improving the automation and scope of security protocol analysis},
    author = {Cas Cremers and Charlie Jacomme and Philip Lukert},
    howpublished = {Cryptology {ePrint} Archive, Paper 2022/1130},
    year = {2022},
}

@inproceedings{dreier2017subterms,
    title = {Beyond Subterm-Convergent Equational Theories in Automated Verification of Stateful Protocols},
    author = {Dreier, Jannik and Dum\'{e}nil, Charles and Kremer, Steve and Sasse, Ralf},
    year = {2017},
    booktitle = {Proceedings of the 6th International Conference on Principles of Security and Trust},
}

@misc{rfc4082,
    title = {Timed Efficient Stream Loss-Tolerant Authentication ({TESLA}): Multicast Source Authentication Transform Introduction},
    author = {Adrian Perrig and Ran Canetti and Dawn Song and Professor Doug Tygar and Bob Briscoe},
    series = {Request for Comments},
    number = {4082},
    howpublished = {RFC 4082},
    year = {2005},
    month = {6},
}
